@inproceedings{Greenman2017,
 author = {Greenman, Ben and Migeed, Zeina},
 title = {On the Cost of Type-tag Soundness},
 booktitle = {Proceedings of the ACM SIGPLAN Workshop on Partial Evaluation and Program Manipulation},
 series = {PEPM '18},
 year = {2018},
 isbn = {978-1-4503-5587-2},
 location = {Los Angeles, CA, USA},
 pages = {30--39},
 numpages = {10},
 url = {http://doi.acm.org/10.1145/3162066},
 doi = {10.1145/3162066},
 acmid = {3162066},
 publisher = {ACM},
 address = {New York, NY, USA},
 keywords = {D-deliverable, Migratory typing, Performance evaluation, Tag soundness, Type granularity},
} 
